@String(PAMI  = {IEEE TPAMI})
@String(IJCV  = {IJCV})
@String(CVPR  = {CVPR})
@String(ICCV  = {ICCV})
@String(ECCV  = {ECCV})
@String(NIPS  = {NeurIPS})
@String(ICPR  = {ICPR})
@String(BMVC  =	{BMVC})
@String(TOG   = {ACM TOG})
@String(TIP   = {IEEE TIP})
@String(TVCG  = {IEEE TVCG})
@String(TCSVT = {IEEE TCSVT})
@String(TMM   =	{IEEE TMM})
@String(ACMMM = {ACM MM})
@String(ICME  =	{ICME})
@String(ICASSP=	{ICASSP})
@String(ICIP  = {ICIP})
@String(ACCV  = {ACCV})
@String(ICLR  = {ICLR})
@String(IJCAI = {IJCAI})
@String(PR = {PR})
@String(AAAI = {AAAI})
@String(CVPRW= {CVPRW})
@String(CSVT = {IEEE TCSVT})



@String(PAMI = {IEEE Trans. Pattern Anal. Mach. Intell.})
@String(IJCV = {Int. J. Comput. Vis.})
@String(CVPR= {IEEE Conf. Comput. Vis. Pattern Recog.})
@String(ICCV= {Int. Conf. Comput. Vis.})
@String(ECCV= {Eur. Conf. Comput. Vis.})
@String(NIPS= {Adv. Neural Inform. Process. Syst.})
@String(ICPR = {Int. Conf. Pattern Recog.})
@String(BMVC= {Brit. Mach. Vis. Conf.})
@String(TOG= {ACM Trans. Graph.})
@String(TIP  = {IEEE Trans. Image Process.})
@String(TVCG  = {IEEE Trans. Vis. Comput. Graph.})
@String(TMM  = {IEEE Trans. Multimedia})
@String(ACMMM= {ACM Int. Conf. Multimedia})
@String(ICME = {Int. Conf. Multimedia and Expo})
@String(ICASSP=	{ICASSP})
@String(ICIP = {IEEE Int. Conf. Image Process.})
@String(ACCV  = {ACCV})
@String(ICLR = {Int. Conf. Learn. Represent.})
@String(IJCAI = {IJCAI})
@String(PR   = {Pattern Recognition})
@String(AAAI = {AAAI})
@String(CVPRW= {IEEE Conf. Comput. Vis. Pattern Recog. Worksh.})
@String(CSVT = {IEEE Trans. Circuit Syst. Video Technol.})

@String(SPL	= {IEEE Sign. Process. Letters})
@String(VR   = {Vis. Res.})
@String(JOV	 = {J. Vis.})
@String(TVC  = {The Vis. Comput.})
@String(JCST  = {J. Comput. Sci. Tech.})
@String(CGF  = {Comput. Graph. Forum})
@String(CVM = {Computational Visual Media})

@InProceedings{amazon,
author = {Jianmo Ni, Jiacheng Li, Julian McAuley},
title = {Justifying recommendations using distantly-labeled reviews and fined-grained aspects},
booktitle = {Empirical Methods in Natural Language Processing (EMNLP)},
year = {2019}
}

@InProceedings{He,
author = {Ruining He, Julian McAuley},
title = {Image-based recommendations on styles and substitutes.},
journal = {Proceedings of the 38th International ACM SIGIR Conference on Research and Development in Information Retrieval},
year = {2015},
url = {https://doi.org/10.1145/2766462.2767755}
}

@InProceedings{He2,
author = {Ruining He, Julian McAuley},
title = {Image-based recommendations on styles and substitutes.},
journal = {Proceedings of the 25th International Conference on World Wide Web},
year = {2016},
url = {https://doi.org/10.1145/2872427.2883037}
}

@InProceedings{McAuley,
author = {Julian McAuley et al.},
title = {Image-based recommendations on styles and substitutes.},
journal = {Proceedings of the 38th International ACM SIGIR Conference on Research and Development in Information Retrieval},
year = {2015},
url = {https://doi.org/10.1145/2766462.2767755}
}

@article{singh,
title = {Predicting the “helpfulness” of online consumer reviews},
journal = {Journal of Business Research},
volume = {70},
pages = {346-355},
year = {2017},
issn = {0148-2963},
doi = {https://doi.org/10.1016/j.jbusres.2016.08.008},
url = {https://www.sciencedirect.com/science/article/pii/S0148296316304957},
author = {Jyoti Prakash Singh and Seda Irani and Nripendra P. Rana and Yogesh K. Dwivedi and Sunil Saumya and Pradeep Kumar Roy}
}

@InProceedings{du,
author = {Du J, Rong J, Michalska S and Wang H and Zhang Y},
title = {Feature selection for helpfulness prediction of online product reviews: An empirical study},
booktitle = { PLoS One},
year = {2019}
}


@misc{alsmadi,
      title={Predicting Helpfulness of Online Reviews}, 
      author={Abdalraheem Alsmadi and Shadi AlZu'bi and Mahmoud Al-Ayyoub and Yaser Jararweh},
      year={2020},
      eprint={2008.10129},
      archivePrefix={arXiv},
      primaryClass={cs.CL}
}

@misc{li,
      author={Xinzhe Li, Qinglong Li , Jaekyeong Kim}, 
      title={A Review Helpfulness Modeling Mechanism for Online E-commerce: Multi-Channel CNN End‑to‑End Approach},
      year={2023},
      booktitle = { Applied Artificial Intelligence}
}

@misc{amazon2,
      author={Mengting Wan, Julian McAuley}, 
      title={Modeling ambiguity, subjectivity, and diverging viewpoints in opinion question answering systems},
      year={2016},
      booktitle = {International Conference on Data Mining (ICDM)}
}


@article{zheng,
title = {Revisiting review helpfulness prediction: An advanced deep learning model with multimodal input from Yelp},
journal = {International Journal of Hospitality Management},
volume = {114},
pages = {103579},
year = {2023},
issn = {0278-4319},
doi = {https://doi.org/10.1016/j.ijhm.2023.103579},
url = {https://www.sciencedirect.com/science/article/pii/S0278431923001536},
author = {Tianxiang Zheng and Zhihao Lin and Yating Zhang and Qi Jiao and Tian Su and Hongbo Tan and Zesen Fan and Dengming Xu and Rob Law},
}


@misc{arjun,
      author={Arjun Mukherjee, Vivek Venkataraman, Bing Liu and Natalie Glance}, 
      title={What Yelp Fake Review Filter Might Be Doing?},
      year={2013},
      booktitle = {ICWSM}
}

}